
% QMLA
@misc{gentile2020learning,
    title={Learning models of quantum systems from experiments},
    author={Antonio A. Gentile and Brian Flynn and Sebastian Knauer and Nathan Wiebe and Stefano Paesani and Christopher E. Granade and John G. Rarity and Raffaele Santagati and Anthony Laing},
    year={2020},
    eprint={2002.06169},
    archivePrefix={arXiv},
    primaryClass={quant-ph}
}
@misc{flynn2021QMLA,
  author = {Brian Flynn},
  title = {Quantum Model Learning Agent},
  year = {2021},
  publisher = {GitHub},
  journal = {GitHub repository},
  howpublished = {\url{https://github.com/flynnbr11/QMLA}},
}
@misc{qmla_docs,
	title = {Quantum Model Learning Agent documentation},
	year = {2021},
	month = {Jan},
	note = {[Online; accessed 12. Jan. 2021]},
	howpublished = {https://quantum-model-learning-agent.readthedocs.io/en/latest/}
}

%%%%% Introduction
%%%% Applications of machine learning in quantum

%% blurb 
@article{torlai2020machine,
  title={Machine-Learning Quantum States in the NISQ Era},
  author={Torlai, Giacomo and Melko, Roger G},
  journal={Annual Review of Condensed Matter Physics},
  volume={11},
  pages={325--344},
  year={2020},
  publisher={Annual Reviews}
}
@article{harper2019efficient,
  title={Efficient learning of quantum noise},
  author={Harper, Robin and Flammia, Steven T and Wallman, Joel J},
  journal={arXiv preprint arXiv:1907.13022},
  year={2019}
}
@article{hentschel2010machine,
  title={Machine learning for precise quantum measurement},
  author={Hentschel, Alexander and Sanders, Barry C},
  journal={Physical review letters},
  volume={104},
  number={6},
  pages={063603},
  year={2010},
  publisher={APS}
}
@article{govia2020bootstrapping,
  title={Bootstrapping quantum process tomography via a perturbative ansatz},
  author={Govia, LCG and Ribeill, GJ and Rist{\`e}, D and Ware, M and Krovi, H},
  journal={Nature communications},
  volume={11},
  number={1},
  pages={1--9},
  year={2020},
  publisher={Nature Publishing Group}
}

@article{wiebe2015quantum,
  title={Quantum bootstrapping via compressed quantum Hamiltonian learning},
  author={Wiebe, Nathan and Granade, Christopher and Cory, David G},
  journal={New Journal of Physics},
  volume={17},
  number={2},
  pages={022005},
  year={2015},
  publisher={IOP Publishing}
}

@book{rieffel2011quantum,
  title={Quantum computing: A gentle introduction},
  author={Rieffel, Eleanor G and Polak, Wolfgang H},
  year={2011},
  publisher={MIT Press}
}




% error correction
@article{chen2019machine,
  title={Machine learning logical gates for quantum error correction},
  author={Chen, Hongxiang and Vasmer, Michael and Breuckmann, Nikolas P and Grant, Edward},
  journal={arXiv preprint arXiv:1912.10063},
  year={2019}
}
@article{valenti2019hamiltonian,
  title={Hamiltonian learning for quantum error correction},
  author={Valenti, Agnes and van Nieuwenburg, Evert and Huber, Sebastian and Greplova, Eliska},
  journal={Physical Review Research},
  volume={1},
  number={3},
  pages={033092},
  year={2019},
  publisher={APS}
}

% calibration
@article{lennon2019efficiently,
  title={Efficiently measuring a quantum device using machine learning},
  author={Lennon, DT and Moon, H and Camenzind, LC and Yu, Liuqi and Zumb{\"u}hl, DM and Briggs, GAD and Osborne, MA and Laird, EA and Ares, N},
  journal={npj Quantum Information},
  volume={5},
  number={1},
  pages={1--8},
  year={2019},
  publisher={Nature Publishing Group}
}
% metrology
@article{hentschel2010machine,
  title={Machine learning for precise quantum measurement},
  author={Hentschel, Alexander and Sanders, Barry C},
  journal={Physical review letters},
  volume={104},
  number={6},
  pages={063603},
  year={2010},
  publisher={APS}
}

@book{python-manual,
 author = {Van Rossum, Guido and Drake, Fred L.},
 title = {Python 3 Reference Manual},
 year = {2009},
 isbn = {1441412697},
 publisher = {CreateSpace},
 address = {Scotts Valley, CA}
} 
@book{back1996evolutionary,
  title={Evolutionary algorithms in theory and practice: evolution strategies, evolutionary programming, genetic algorithms},
  author={Back, Thomas},
  year={1996},
  publisher={Oxford university press}
}


% QHL
@article{Granade:2012kj,
    author = {Granade, Christopher E and Ferrie, C and Wiebe, N and Cory, D G},
    title = {{Robust online Hamiltonian learning}},
    journal = {New Journal of Physics},
    year = {2012},
    volume = {14},
    number = {10},
    pages = {103013},
    month = oct,
    publisher = {IOP Publishing},
    doi = {10.1088/1367-2630/14/10/103013}
}
@article{Ferrie:2012ip,
    author = {Ferrie, C and Granade, Christopher E and Cory, D G},
    title = {{How to best sample a periodic probability distribution, or on the accuracy of Hamiltonian finding strategies}},
    journal = {Quantum Information Processing},
    year = {2012},
    volume = {12},
    number = {1},
    pages = {611--623},
    month = apr,
    publisher = {Springer US},
    doi = {10.1007/s11128-012-0407-6}
}

@article{wiebe2014qhlpra,
  title={Quantum Hamiltonian learning using imperfect quantum resources},
  author={Wiebe, Nathan and Granade, Christopher and Ferrie, Christopher and Cory, David},
  journal={Physical Review A},
  volume={89},
  number={4},
  pages={042314},
  year={2014},
  publisher={APS}
}
@article{rudi2020approximating,
  title={Approximating Hamiltonian dynamics with the Nystr{\"o}m method},
  author={Rudi, Alessandro and Wossnig, Leonard and Ciliberto, Carlo and Rocchetto, Andrea and Pontil, Massimiliano and Severini, Simone},
  journal={Quantum},
  volume={4},
  pages={234},
  year={2020},
  publisher={Verein zur F{\"o}rderung des Open Access Publizierens in den Quantenwissenschaften}
}
@inproceedings{berry2015hamiltonian,
  title={Hamiltonian simulation with nearly optimal dependence on all parameters},
  author={Berry, Dominic W and Childs, Andrew M and Kothari, Robin},
  booktitle={2015 IEEE 56th Annual Symposium on Foundations of Computer Science},
  pages={792--809},
  year={2015},
  organization={IEEE}
}
@article{hill2008amdahl,
  title={Amdahl's law in the multicore era},
  author={Hill, Mark D and Marty, Michael R},
  journal={Computer},
  volume={41},
  number={7},
  pages={33--38},
  year={2008},
  publisher={IEEE}
}

@article{childs2018toward,
  title={Toward the first quantum simulation with quantum speedup},
  author={Childs, Andrew M and Maslov, Dmitri and Nam, Yunseong and Ross, Neil J and Su, Yuan},
  journal={Proceedings of the National Academy of Sciences},
  volume={115},
  number={38},
  pages={9456--9461},
  year={2018},
  publisher={National Acad Sciences}
}

@article{Wiebe:2014qhl,
    author = {Wiebe, N and Granade, C and Ferrie, C and Cory, D G},
    title = {{Hamiltonian Learning and Certification Using Quantum Resources}},
    journal = {Physical Review Letters},
    year = {2014},
    volume = {112},
    number = {19},
    pages = {190501--5},
    month = may,
    doi = {10.1103/PhysRevLett.112.190501}
}

@article{hincks2018hamiltonian,
  title={Hamiltonian Learning with Online Bayesian Experiment Design in Practice},
  author={Hincks, Ian and Alexander, Thomas and Kononenko, Michal and Soloway, Benjamin and Cory, David G},
  journal={arXiv preprint arXiv:1806.02427},
  year={2018}
}

% Parameter learning subroutines
@article{bairey2019learning,
  title={Learning a local Hamiltonian from local measurements},
  author={Bairey, Eyal and Arad, Itai and Lindner, Netanel H},
  journal={Physical review letters},
  volume={122},
  number={2},
  pages={020504},
  year={2019},
  publisher={APS}
}
@article{evans2019scalable,
  title={Scalable bayesian hamiltonian learning},
  author={Evans, Tim J and Harper, Robin and Flammia, Steven T},
  journal={arXiv preprint arXiv:1912.07636},
  year={2019}
}
@article{wang2015hamiltonian,
  title={Hamiltonian tomography for quantum many-body systems with arbitrary couplings},
  author={Wang, Sheng-Tao and Deng, Dong-Ling and Duan, Lu-Ming},
  journal={New Journal of Physics},
  volume={17},
  number={9},
  pages={093017},
  year={2015},
  publisher={IOP Publishing}
}
@article{krastanov2019stochastic,
  title={Stochastic estimation of dynamical variables},
  author={Krastanov, Stefan and Zhou, Sisi and Flammia, Steven T and Jiang, Liang},
  journal={Quantum Science and Technology},
  volume={4},
  number={3},
  pages={035003},
  year={2019},
  publisher={IOP Publishing}
}
@article{burgarth2017evolution,
  title={Evolution-free Hamiltonian parameter estimation through Zeeman markers},
  author={Burgarth, Daniel and Ajoy, Ashok},
  journal={Physical Review Letters},
  volume={119},
  number={3},
  pages={030402},
  year={2017},
  publisher={APS}
}

@article{flurin2020using,
  title={Using a recurrent neural network to reconstruct quantum dynamics of a superconducting qubit from physical observations},
  author={Flurin, Emmanuel and Martin, Leigh S and Hacohen-Gourgy, Shay and Siddiqi, Irfan},
  journal={Physical Review X},
  volume={10},
  number={1},
  pages={011006},
  year={2020},
  publisher={APS}
}
@misc{nielsen2002quantum,
  title={Quantum computation and quantum information},
  author={Nielsen, Michael A and Chuang, Isaac},
  year={2002},
  publisher={American Association of Physics Teachers}
}
@book{hastie2009elements,
  title={The elements of statistical learning: data mining, inference, and prediction},
  author={Hastie, Trevor and Tibshirani, Robert and Friedman, Jerome},
  year={2009},
  publisher={Springer Science \& Business Media}
}
@book{jammer1966conceptual,
  title={The conceptual development of quantum mechanics},
  author={Jammer, Max and others},
  year={1966},
  publisher={McGraw-Hill New York}
}
@article{brinkman1997history,
  title={A history of the invention of the transistor and where it will lead us},
  author={Brinkman, William F and Haggan, Douglas E and Troutman, William W},
  journal={IEEE Journal of Solid-State Circuits},
  volume={32},
  number={12},
  pages={1858--1865},
  year={1997},
  publisher={IEEE}
}

@article{acampora2019evolutionary,
  title={An evolutionary strategy for finding effective quantum 2-body Hamiltonians of p-body interacting systems},
  author={Acampora, Giovanni and Cataudella, Vittorio and Hegde, Pratibha R and Lucignano, Procolo and Passarelli, Gianluca and Vitiello, Autilia},
  journal={Quantum Machine Intelligence},
  volume={1},
  number={3},
  pages={113--122},
  year={2019},
  publisher={Springer}
}
@article{rigo2020machine,
  title={Machine learning effective models for quantum systems},
  author={Rigo, Jonas B and Mitchell, Andrew K},
  journal={Physical Review B},
  volume={101},
  number={24},
  pages={241105},
  year={2020},
  publisher={APS}
}
@article{cranmer2020discovering,
  title={Discovering symbolic models from deep learning with inductive biases},
  author={Cranmer, Miles and Sanchez Gonzalez, Alvaro and Battaglia, Peter and Xu, Rui and Cranmer, Kyle and Spergel, David and Ho, Shirley},
  journal={Advances in Neural Information Processing Systems},
  volume={33},
  year={2020}
}
@article{pickard2011ab,
  title={Ab initio random structure searching},
  author={Pickard, Chris J and Needs, RJ},
  journal={Journal of Physics: Condensed Matter},
  volume={23},
  number={5},
  pages={053201},
  year={2011},
  publisher={IOP Publishing}
}
@article{chertkov2018computational,
  title={Computational inverse method for constructing spaces of quantum models from wave functions},
  author={Chertkov, Eli and Clark, Bryan K},
  journal={Physical Review X},
  volume={8},
  number={3},
  pages={031029},
  year={2018},
  publisher={APS}
}


@article{niu2019learning,
  title={Learning Non-Markovian Quantum Noise from Moire-Enhanced Swap Spectroscopy with Deep Evolutionary Algorithm},
  author={Niu, Murphy Yuezhen and Smelyanskyi, Vadim and Klimov, Paul and Boixo, Sergio and Barends, Rami and Kelly, Julian and Chen, Yu and Arya, Kunal and Burkett, Brian and Bacon, Dave and others},
  journal={arXiv preprint arXiv:1912.04368},
  year={2019}
}
@article{greplova2017quantum,
  title={Quantum parameter estimation with a neural network},
  author={Greplova, Eliska and Andersen, Christian Kraglund and M{\o}lmer, Klaus},
  journal={arXiv preprint arXiv:1711.05238},
  year={2017}
}
@article{lokhov2018optimal,
  title={Optimal structure and parameter learning of Ising models},
  author={Lokhov, Andrey Y and Vuffray, Marc and Misra, Sidhant and Chertkov, Michael},
  journal={Science advances},
  volume={4},
  number={3},
  pages={e1700791},
  year={2018},
  publisher={American Association for the Advancement of Science}
}


@book{garey1979computers,
  title={Computers and intractability},
  author={Garey, Michael R and Johnson, David S},
  volume={174},
  year={1979},
  publisher={freeman San Francisco}
}
@article{onsager1944crystal,
  title={Crystal statistics. I. A two-dimensional model with an order-disorder transition},
  author={Onsager, Lars},
  journal={Physical Review},
  volume={65},
  number={3-4},
  pages={117},
  year={1944},
  publisher={APS}
}
@article{ising1925beitrag,
  title={Beitrag zur theorie des ferromagnetismus},
  author={Ising, Ernst},
  journal={Zeitschrift f{\"u}r Physik},
  volume={31},
  number={1},
  pages={253--258},
  year={1925},
  publisher={Springer}
}
@article{mcclean2020openfermion,
  title={OpenFermion: the electronic structure package for quantum computers},
  author={McClean, Jarrod and Rubin, Nicholas and Sung, Kevin and Kivlichan, Ian David and Bonet-Monroig, Xavier and Cao, Yudong and Dai, Chengyu and Fried, Eric Schuyler and Gidney, Craig and Gimby, Brendan and others},
  journal={Quantum Science and Technology},
  year={2020},
  publisher={IOP Publishing}
}

@article{barahona1982computational,
  title={On the computational complexity of Ising spin glass models},
  author={Barahona, Francisco},
  journal={Journal of Physics A: Mathematical and General},
  volume={15},
  number={10},
  pages={3241},
  year={1982},
  publisher={IOP Publishing}
}
@article{lucas2014ising,
  title={Ising formulations of many NP problems},
  author={Lucas, Andrew},
  journal={Frontiers in Physics},
  volume={2},
  pages={5},
  year={2014},
  publisher={Frontiers}
}

@article{brush1967history,
  title={History of the Lenz-Ising model},
  author={Brush, Stephen G},
  journal={Reviews of modern physics},
  volume={39},
  number={4},
  pages={883},
  year={1967},
  publisher={APS}
}

@article{kass1995bayes,
  title={Bayes factors},
  author={Kass, Robert E and Raftery, Adrian E},
  journal={Journal of the american statistical association},
  volume={90},
  number={430},
  pages={773--795},
  year={1995},
  publisher={Taylor \& Francis}
}

@article{santoro2006optimization,
  title={Optimization using quantum mechanics: quantum annealing through adiabatic evolution},
  author={Santoro, Giuseppe E and Tosatti, Erio},
  journal={Journal of Physics A: Mathematical and General},
  volume={39},
  number={36},
  pages={R393},
  year={2006},
  publisher={IOP Publishing}
}
@article{bapst2013quantum,
  title={The quantum adiabatic algorithm applied to random optimization problems: The quantum spin glass perspective},
  author={Bapst, Victor and Foini, Laura and Krzakala, Florent and Semerjian, Guilhem and Zamponi, Francesco},
  journal={Physics Reports},
  volume={523},
  number={3},
  pages={127--205},
  year={2013},
  publisher={Elsevier}
}

@article{johnson2011quantum,
  title={Quantum annealing with manufactured spins},
  author={Johnson, Mark W and Amin, Mohammad HS and Gildert, Suzanne and Lanting, Trevor and Hamze, Firas and Dickson, Neil and Harris, Richard and Berkley, Andrew J and Johansson, Jan and Bunyk, Paul and others},
  journal={Nature},
  volume={473},
  number={7346},
  pages={194--198},
  year={2011},
  publisher={Nature Publishing Group}
}

@book{greiner2012thermodynamics,
  title={Thermodynamics and statistical mechanics},
  author={Greiner, Walter and Neise, Ludwig and St{\"o}cker, Horst},
  year={2012},
  publisher={Springer Science \& Business Media}
}

@article{wang2017experimental,
  title={Experimental quantum Hamiltonian learning},
  author={Wang, Jianwei and Paesani, Stefano and Santagati, Raffaele and Knauer, Sebastian and Gentile, Antonio A and Wiebe, Nathan and Petruzzella, Maurangelo and O’Brien, Jeremy L and Rarity, John G and Laing, Anthony and others},
  journal={Nature Physics},
  volume={13},
  number={6},
  pages={551--555},
  year={2017},
  publisher={Nature Publishing Group}
}

@ARTICLE{2020SciPy-NMeth,
  author  = {Virtanen, Pauli and Gommers, Ralf and Oliphant, Travis E. and
            Haberland, Matt and Reddy, Tyler and Cournapeau, David and
            Burovski, Evgeni and Peterson, Pearu and Weckesser, Warren and
            Bright, Jonathan and {van der Walt}, St{\'e}fan J. and
            Brett, Matthew and Wilson, Joshua and Millman, K. Jarrod and
            Mayorov, Nikolay and Nelson, Andrew R. J. and Jones, Eric and
            Kern, Robert and Larson, Eric and Carey, C J and
            Polat, {\.I}lhan and Feng, Yu and Moore, Eric W. and
            {VanderPlas}, Jake and Laxalde, Denis and Perktold, Josef and
            Cimrman, Robert and Henriksen, Ian and Quintero, E. A. and
            Harris, Charles R. and Archibald, Anne M. and
            Ribeiro, Ant{\^o}nio H. and Pedregosa, Fabian and
            {van Mulbregt}, Paul and {SciPy 1.0 Contributors}},
  title   = {{{SciPy} 1.0: Fundamental Algorithms for Scientific
            Computing in Python}},
  journal = {Nature Methods},
  year    = {2020},
  volume  = {17},
  pages   = {261--272},
  adsurl  = {https://rdcu.be/b08Wh},
  doi     = {10.1038/s41592-019-0686-2},
}
@article{jalabert2001environment,
  title={Environment-independent decoherence rate in classically chaotic systems},
  author={Jalabert, Rodolfo A and Pastawski, Horacio M},
  journal={Physical review letters},
  volume={86},
  number={12},
  pages={2490},
  year={2001},
  publisher={APS}
}
@article{goussev2012loschmidt,
  title={Loschmidt echo},
  author={Goussev, Arseni and Jalabert, Rodolfo A and Pastawski, Horacio M and Wisniacki, Diego},
  journal={arXiv preprint arXiv:1206.6348},
  year={2012}
}
@article{hensen2015loophole,
  title={Loophole-free Bell inequality violation using electron spins separated by 1.3 kilometres},
  author={Hensen, Bas and Bernien, Hannes and Dr{\'e}au, Ana{\"\i}s E and Reiserer, Andreas and Kalb, Norbert and Blok, Machiel S and Ruitenberg, Just and Vermeulen, Raymond FL and Schouten, Raymond N and Abell{\'a}n, Carlos and others},
  journal={Nature},
  volume={526},
  number={7575},
  pages={682--686},
  year={2015},
  publisher={Nature Publishing Group}
}
@article{fiderer2020neural,
  title={Neural-network heuristics for adaptive bayesian quantum estimation},
  author={Fiderer, Lukas J and Schuff, Jonas and Braun, Daniel},
  journal={arXiv preprint arXiv:2003.02183},
  year={2020}
}
@incollection{liu2001combined,
  title={Combined parameter and state estimation in simulation-based filtering},
  author={Liu, Jane and West, Mike},
  booktitle={Sequential Monte Carlo methods in practice},
  pages={197--223},
  year={2001},
  publisher={Springer}
}


@article{hubbard2013,
  title={The Hubbard model at half a century},
  author={Editorial},
  journal={Nature Physics},
  year={2013},
  doi={10.1038/nphys2759},
  url={https://doi.org/10.1038/nphys2759}
}


@article{nautrup2020operationally,
  title={Operationally meaningful representations of physical systems in neural networks},
  author={Nautrup, Hendrik Poulsen and Metger, Tony and Iten, Raban and Jerbi, Sofiene and Trenkwalder, Lea M and Wilming, Henrik and Briegel, Hans J and Renner, Renato},
  journal={arXiv preprint arXiv:2001.00593},
  year={2020}
}
@article{scalettar2016introduction,
  title={An introduction to the Hubbard Hamiltonian},
  author={Scalettar, Richard T},
  journal={Quantum Materials: Experiments and Theory},
  volume={6},
  year={2016}
}
@article{hubbard1963electron,
  title={Electron correlations in narrow energy bands},
  author={Hubbard, John},
  journal={Proceedings of the Royal Society of London. Series A. Mathematical and Physical Sciences},
  volume={276},
  number={1365},
  pages={238--257},
  year={1963},
  publisher={The Royal Society London}
}



@book{hockney2019parallel,
  title={Parallel Computers 2: architecture, programming and algorithms},
  author={Hockney, Roger W and Jesshope, Chris R},
  year={2019},
  pages={429},
  publisher={CRC Press}
}
@misc{redis,
	title = {{Redis}},
	year = {2020},
	month = {Nov},
	note = {[Online; accessed 7. Nov. 2020]},
	url = {https://redis.io}
}
@misc{redis_queue,
	title = {{RQ: Simple job queues for Python}},
	year = {2020},
	month = {Nov},
	note = {[Online; accessed 7. Nov. 2020]},
	url = {https://python-rq.org}
}



%% Analysis
% JW transformation 
@incollection{jordan1993paulische,
  title={{\"u}ber das paulische {\"a}quivalenzverbot},
  author={Jordan, Pascual and Wigner, Eugene Paul},
  booktitle={The Collected Works of Eugene Paul Wigner},
  pages={109--129},
  year={1993},
  publisher={Springer}
}
@article{steudtner2018fermion,
  title={Fermion-to-qubit mappings with varying resource requirements for quantum simulation},
  author={Steudtner, Mark and Wehner, Stephanie},
  journal={New Journal of Physics},
  volume={20},
  number={6},
  pages={063010},
  year={2018},
  publisher={IOP Publishing}
}

% Genetic algorithm


@article{baireuther2018machine,
  title={Machine-learning-assisted correction of correlated qubit errors in a topological code},
  author={Baireuther, Paul and O'Brien, Thomas E and Tarasinski, Brian and Beenakker, Carlo WJ},
  journal={Quantum},
  volume={2},
  pages={48},
  year={2018},
  publisher={Verein zur F{\"o}rderung des Open Access Publizierens in den Quantenwissenschaften}
}

@book{holland1992adaptation, 
  title={Adaptation in natural and artificial systems: an introductory analysis with applications to biology, control, and artificial intelligence},
  author={Holland, John Henry and others},
  year={1992},
  publisher={MIT press}
}
@article{holland1980adaptive,
  title={Adaptive algorithms for discovering and using general patterns in growing knowledge bases},
  author={Holland, John H},
  journal={International Journal of Policy Analysis and Information Systems},
  volume={4},
  number={3},
  pages={245--268},
  year={1980},
  publisher={Plenum Press}
}
@article{de2008evolving,
  title={Evolving intelligent agents: A 50 year quest},
  author={De Jong, Kenneth A},
  journal={IEEE Computational Intelligence Magazine},
  volume={3},
  number={1},
  pages={12--17},
  year={2008},
  publisher={IEEE}
}
@article{luke11,
  title={1 Essentials of Metaheuristicsl},
  author={Luke, Sean},
  year={1},
  publisher={1 Lulu l}
}
@article{schmitt2001theory,
  title={Theory of genetic algorithms},
  author={Schmitt, Lothar M},
  journal={Theoretical Computer Science},
  volume={259},
  number={1-2},
  pages={1--61},
  year={2001},
  publisher={Elsevier}
}


@incollection{sarker2010agent,
  title={Agent based evolutionary approach: An introduction},
  author={Sarker, Ruhul A and Ray, Tapabrata},
  booktitle={Agent-Based Evolutionary Search},
  pages={1--11},
  year={2010},
  publisher={Springer}
}
@inproceedings{franklin1996agent,
  title={Is it an Agent, or just a Program?: A Taxonomy for Autonomous Agents},
  author={Franklin, Stan and Graesser, Art},
  booktitle={International Workshop on Agent Theories, Architectures, and Languages},
  pages={21--35},
  year={1996},
  organization={Springer}
}
@article{russell2002artificial,
  title={Artificial intelligence: a modern approach},
  author={Russell, Stuart and Norvig, Peter},
  chapter={2.4.6}, 
  year={2002}
}
@book{wooldridge2009introduction,
  title={An introduction to multiagent systems},
  author={Wooldridge, Michael},
  year={2009},
  publisher={John Wiley \& Sons}
}


@article{harrow2017quantum,
  title={Quantum computational supremacy},
  author={Harrow, Aram W and Montanaro, Ashley},
  journal={Nature},
  volume={549},
  number={7671},
  pages={203--209},
  year={2017},
  publisher={Nature Publishing Group}
}


@inproceedings{de2020evolutionary,
  title={Evolutionary computation: a unified approach},
  author={De Jong, Kenneth},
  booktitle={Proceedings of the 2020 Genetic and Evolutionary Computation Conference Companion},
  pages={327--342},
  year={2020}
}



@techreport{de1975analysis,
  title={Analysis of the behavior of a class of genetic adaptive systems},
  author={De Jong, Kenneth Alan},
  year={1975},
}
@misc{goldenberg1989genetic,
  title={Genetic algorithms in search, optimization and machine learning},
  author={Goldenberg, David E},
  year={1989},
  publisher={Addison Wesley, Reading: MA},
  pages={11--12}
}

@misc{qinfer-1_0,
  author = {Christopher Granade and
    Christopher Ferrie and
    Steven Casagrande and
    Ian Hincks and
    Michal Kononenko and
    Thomas Alexander and
    Yuval Sanders
  },
  title = {{QInfer}: Library for Statistical Inference in Quantum Information},
  month = september,
  year = 2016,
  doi = {10.5281/zenodo.157007},
  url = {http://dx.doi.org/10.5281/zenodo.157007}
}

@article{ferrie2014high,
  title={High posterior density ellipsoids of quantum states},
  author={Ferrie, Christopher},
  journal={New Journal of Physics},
  volume={16},
  number={2},
  pages={023006},
  year={2014},
  publisher={IOP Publishing}
}

@article{doherty2013nitrogen,
  title={The nitrogen-vacancy colour centre in diamond},
  author={Doherty, Marcus W and Manson, Neil B and Delaney, Paul and Jelezko, Fedor and Wrachtrup, J{\"o}rg and Hollenberg, Lloyd CL},
  journal={Physics Reports},
  volume={528},
  number={1},
  pages={1--45},
  year={2013},
  publisher={Elsevier}
}
@article{davies1976optical,
  title={Optical studies of the 1.945 eV vibronic band in diamond},
  author={Davies, Gordon and Hamer, MF},
  journal={Proceedings of the Royal Society of London. A. Mathematical and Physical Sciences},
  volume={348},
  number={1653},
  pages={285--298},
  year={1976},
  publisher={The Royal Society London}
}
@article{meijer2005generation,
  title={Generation of single color centers by focused nitrogen implantation},
  author={Meijer, J and Burchard, B and Domhan, M and Wittmann, C and Gaebel, Torsten and Popa, I and Jelezko, F and Wrachtrup, J},
  journal={Applied Physics Letters},
  volume={87},
  number={26},
  pages={261909},
  year={2005},
  publisher={American Institute of Physics}
}
@article{edmonds2012production,
  title={Production of oriented nitrogen-vacancy color centers in synthetic diamond},
  author={Edmonds, AM and D’Haenens-Johansson, UFS and Cruddace, RJ and Newton, ME and Fu, K-MC and Santori, C and Beausoleil, RG and Twitchen, DJ and Markham, ML},
  journal={Physical Review B},
  volume={86},
  number={3},
  pages={035201},
  year={2012},
  publisher={APS}
}

@article{lenef1996electronic,
  title={Electronic structure of the N-V center in diamond: Theory},
  author={Lenef, A and Rand, SC},
  journal={Physical Review B},
  volume={53},
  number={20},
  pages={13441},
  year={1996},
  publisher={APS}
}
@article{alkauskas2014first,
  title={First-principles theory of the luminescence lineshape for the triplet transition in diamond NV centres},
  author={Alkauskas, Audrius and Buckley, Bob B and Awschalom, David D and Van de Walle, Chris G},
  journal={New Journal of Physics},
  volume={16},
  number={7},
  pages={073026},
  year={2014},
  publisher={IOP Publishing}
}
@article{rao2016characterization,
  title={Characterization of hyperfine interaction between an NV electron spin and a first-shell c 13 nuclear spin in diamond},
  author={Rao, K Rama Koteswara and Suter, Dieter},
  journal={Physical Review B},
  volume={94},
  number={6},
  pages={060101},
  year={2016},
  publisher={APS}
}
@article{blok2014manipulating,
  title={Manipulating a qubit through the backaction of sequential partial measurements and real-time feedback},
  author={Blok, MS and Bonato, Cristian and Markham, ML and Twitchen, DJ and Dobrovitski, VV and Hanson, R},
  journal={Nature Physics},
  volume={10},
  number={3},
  pages={189--193},
  year={2014},
  publisher={Nature Publishing Group}
}
@article{childress2006coherent,
  title={Coherent dynamics of coupled electron and nuclear spin qubits in diamond},
  author={Childress, L and Dutt, MV Gurudev and Taylor, JM and Zibrov, AS and Jelezko, F and Wrachtrup, J and Hemmer, PR and Lukin, MD},
  journal={Science},
  volume={314},
  number={5797},
  pages={281--285},
  year={2006},
  publisher={American Association for the Advancement of Science}
}
@article{charnock2001combined,
  title={Combined optical and microwave approach for performing quantum spin operations on the nitrogen-vacancy center in diamond},
  author={Charnock, Forrest T and Kennedy, TA},
  journal={Physical Review B},
  volume={64},
  number={4},
  pages={041201},
  year={2001},
  publisher={APS}
}
@article{rowan1965electron,
  title={Electron-spin-echo envelope modulation},
  author={Rowan, L\_G and Hahn, EL and Mims, WB},
  journal={Physical Review},
  volume={137},
  number={1A},
  pages={A61},
  year={1965},
  publisher={APS}
}
@article{gali2008ab,
  title={Ab initio supercell calculations on nitrogen-vacancy center in diamond: Electronic structure and hyperfine tensors},
  author={Gali, Adam and Fyta, Maria and Kaxiras, Efthimios},
  journal={Physical Review B},
  volume={77},
  number={15},
  pages={155206},
  year={2008},
  publisher={APS}
}
@article{hou2019experimental,
  title={Experimental hamiltonian learning of an 11-qubit solid-state quantum spin register},
  author={Hou, P-Y and He, L and Wang, F and Huang, X-Z and Zhang, W-G and Ouyang, X-L and Wang, X and Lian, W-Q and Chang, X-Y and Duan, L-M},
  journal={Chinese Physics Letters},
  volume={36},
  number={10},
  pages={100303},
  year={2019},
  publisher={IOP Publishing}
}

@article{dutt2007quantum,
  title={Quantum register based on individual electronic and nuclear spin qubits in diamond},
  author={Dutt, MV Gurudev and Childress, L and Jiang, L and Togan, E and Maze, J and Jelezko, F and Zibrov, AS and Hemmer, PR and Lukin, MD},
  journal={Science},
  volume={316},
  number={5829},
  pages={1312--1316},
  year={2007},
  publisher={American Association for the Advancement of Science}
}



@article{smeltzer201113c,
  title={13C hyperfine interactions in the nitrogen-vacancy centre in diamond},
  author={Smeltzer, Benjamin and Childress, Lilian and Gali, Adam},
  journal={New Journal of Physics},
  volume={13},
  number={2},
  pages={025021},
  year={2011},
  publisher={IOP Publishing}
}
@book{breuer2002theory,
  title={The theory of open quantum systems},
  author={Breuer, Heinz-Peter and Petruccione, Francesco and others},
  year={2002},
  publisher={Oxford University Press on Demand}
}
@article{broadway2018quantum,
  title={Quantum probe hyperpolarisation of molecular nuclear spins},
  author={Broadway, David A and Tetienne, Jean-Philippe and Stacey, Alastair and Wood, James DA and Simpson, David A and Hall, Liam T and Hollenberg, Lloyd CL},
  journal={Nature communications},
  volume={9},
  number={1},
  pages={1--8},
  year={2018},
  publisher={Nature Publishing Group}
}

@article{preskill1998lecture,
  title={Lecture notes for physics 229: Quantum information and computation},
  author={Preskill, John},
  journal={California Institute of Technology},
  volume={16},
  year={1998}
}

@article{todd2007khachiyan,
  title={On Khachiyan's algorithm for the computation of minimum-volume enclosing ellipsoids},
  author={Todd, Michael J and Y{\i}ld{\i}r{\i}m, E Alper},
  journal={Discrete Applied Mathematics},
  volume={155},
  number={13},
  pages={1731--1744},
  year={2007},
  publisher={Elsevier}
}
@article{born1926quantenmechanik,
  title={Quantenmechanik der sto{\ss}vorg{\"a}nge},
  author={Born, Max},
  journal={Zeitschrift f{\"u}r Physik},
  volume={38},
  number={11-12},
  pages={803--827},
  year={1926},
  publisher={Springer}
}
@article{einstein1905heuristic,
  title={On a heuristic point of view concerning the production and transformation of light},
  author={Einstein, Albert},
  journal={Annalen der Physik},
  pages={1--18},
  year={1905}
}
@article{schrodinger1926undulatory,
  title={An undulatory theory of the mechanics of atoms and molecules},
  author={Schr{\"o}dinger, Erwin},
  journal={Physical review},
  volume={28},
  number={6},
  pages={1049},
  year={1926},
  publisher={APS}
}
@book{von2018mathematical,
  title={Mathematical foundations of quantum mechanics: New edition},
  author={Von Neumann, John},
  year={2018},
  publisher={Princeton university press}
}

@book{svelto2010principles,
  title={Principles of lasers},
  author={Svelto, Orazio and Hanna, David C},
  volume={1},
  year={2010},
  publisher={Springer}
}
@article{van2004principles,
  title={Principles of semiconductor devices},
  author={Van Zeghbroeck, Bart},
  journal={Colarado University},
  volume={34},
  year={2004}
}
@article{kotsiantis2007supervised,
  title={Supervised machine learning: A review of classification techniques},
  author={Kotsiantis, Sotiris B and Zaharakis, I and Pintelas, P},
  journal={Emerging artificial intelligence applications in computer engineering},
  volume={160},
  number={1},
  pages={3--24},
  year={2007},
  publisher={Amsterdam}
}
@inproceedings{caruana2006empirical,
  title={An empirical comparison of supervised learning algorithms},
  author={Caruana, Rich and Niculescu-Mizil, Alexandru},
  booktitle={Proceedings of the 23rd international conference on Machine learning},
  pages={161--168},
  year={2006}
}
@inproceedings{boser1992training,
  title={A training algorithm for optimal margin classifiers},
  author={Boser, Bernhard E and Guyon, Isabelle M and Vapnik, Vladimir N},
  booktitle={Proceedings of the fifth annual workshop on Computational learning theory},
  pages={144--152},
  year={1992}
}
@article{hinton2006fast,
  title={A fast learning algorithm for deep belief nets},
  author={Hinton, Geoffrey E and Osindero, Simon and Teh, Yee-Whye},
  journal={Neural computation},
  volume={18},
  number={7},
  pages={1527--1554},
  year={2006},
  publisher={MIT Press}
}

@article{feynman1982simulating,
  title={Simulating physics with computers},
  author={Feynman, Richard P},
  journal={Int. J. Theor. Phys},
  volume={21},
  number={6/7},
  year={1982}
}
@article{benioff1982quantum,
  title={Quantum mechanical Hamiltonian models of Turing machines},
  author={Benioff, Paul},
  journal={Journal of Statistical Physics},
  volume={29},
  number={3},
  pages={515--546},
  year={1982},
  publisher={Springer}
}
@article{benioff1980computer,
  title={The computer as a physical system: A microscopic quantum mechanical Hamiltonian model of computers as represented by Turing machines},
  author={Benioff, Paul},
  journal={Journal of statistical physics},
  volume={22},
  number={5},
  pages={563--591},
  year={1980},
  publisher={Springer}
}
@article{deutsch1985quantum,
  title={Quantum theory, the Church--Turing principle and the universal quantum computer},
  author={Deutsch, David},
  journal={Proceedings of the Royal Society of London. A. Mathematical and Physical Sciences},
  volume={400},
  number={1818},
  pages={97--117},
  year={1985},
  publisher={The Royal Society London}
}
@article{simon1997power,
  title={On the power of quantum computation},
  author={Simon, Daniel R},
  journal={SIAM journal on computing},
  volume={26},
  number={5},
  pages={1474--1483},
  year={1997},
  publisher={SIAM}
}
@article{bennett1997strengths,
  title={Strengths and weaknesses of quantum computing},
  author={Bennett, Charles H and Bernstein, Ethan and Brassard, Gilles and Vazirani, Umesh},
  journal={SIAM journal on Computing},
  volume={26},
  number={5},
  pages={1510--1523},
  year={1997},
  publisher={SIAM}
}
@article{bernstein1997quantum,
  title={Quantum complexity theory},
  author={Bernstein, Ethan and Vazirani, Umesh},
  journal={SIAM Journal on computing},
  volume={26},
  number={5},
  pages={1411--1473},
  year={1997},
  publisher={SIAM}
}
@article{watrous2008quantum,
  title={Quantum computational complexity},
  author={Watrous, John},
  journal={arXiv preprint arXiv:0804.3401},
  year={2008}
}
@article{arute2019quantum,
  title={Quantum supremacy using a programmable superconducting processor},
  author={Arute, Frank and Arya, Kunal and Babbush, Ryan and Bacon, Dave and Bardin, Joseph C and Barends, Rami and Biswas, Rupak and Boixo, Sergio and Brandao, Fernando GSL and Buell, David A and others},
  journal={Nature},
  volume={574},
  number={7779},
  pages={505--510},
  year={2019},
  publisher={Nature Publishing Group}
}
@article{zhong2020quantum,
  title={Quantum computational advantage using photons},
  author={Zhong, Han-Sen and Wang, Hui and Deng, Yu-Hao and Chen, Ming-Cheng and Peng, Li-Chao and Luo, Yi-Han and Qin, Jian and Wu, Dian and Ding, Xing and Hu, Yi and others},
  journal={Science},
  volume={370},
  number={6523},
  pages={1460--1463},
  year={2020},
  publisher={American Association for the Advancement of Science}
}
@article{adcock2020advances,
  title={Advances in silicon quantum photonics},
  author={Adcock, Jeremy C and Bao, Jueming and Chi, Yulin and Chen, Xiaojiong and Bacco, Davide and Gong, Qihuang and Oxenl{\o}we, Leif K and Wang, Jianwei and Ding, Yunhong},
  journal={IEEE Journal of Selected Topics in Quantum Electronics},
  volume={27},
  number={2},
  pages={1--24},
  year={2020},
  publisher={IEEE}
}

@article{kovac2002detection,
  title={Detection of polarization in the cosmic microwave background using DASI},
  author={Kovac, John Michael and Leitch, EM and Pryke, C and Carlstrom, JE and Halverson, NW and Holzapfel, WL},
  journal={Nature},
  volume={420},
  number={6917},
  pages={772--787},
  year={2002},
  publisher={Nature Publishing Group}
}


@misc{manin1980vychislimoe,
  title={Vychislimoe i nevychislimoe (Computable and Noncomputable), Moscow: Sov},
  author={Manin, Yu I},
  year={1980},
  publisher={Radio}
}

@article{ferrie2013best,
  title={How to best sample a periodic probability distribution, or on the accuracy of Hamiltonian finding strategies},
  author={Ferrie, Christopher and Granade, Christopher E and Cory, David G},
  journal={Quantum Information Processing},
  volume={12},
  number={1},
  pages={611--623},
  year={2013},
  publisher={Springer}
}


@book{elo1978rating,
  title={The rating of chess players, past and present},
  author={Elo, Arpad E},
  year={1978},
  publisher={Arco Pub.}
}

@article{granade2015characterizationp92,
  title={Characterization, Verification and Control for Large Quantum Systems},
  author={Granade, Christopher E},
  year={2015},
  publisher={University of Waterloo},
  pages={92}
}
@phdthesis{knauer2016photonic,
    title = {Photonic Structure Coupling and Strain Sensing with Single Photon Emitters},
    school = {University of Bristol},
    author = {Sebastian Knauer},
    year = {2016}, 
    chapters = {5}
}


@phdthesis{gentile2020Operating,
    title = {Operating practical quantum devices in the pre-threshold regime},
    school = {University of Bristol},
    author = {Gentile, Antonio Andreas},
    year = {2020}, 
    pages = {41--46}
}

@thesis{flynn2015mathematical,
    title = {Mathematical Introduction to Quantum Computation},
    school = {Trinity College Dublin},
    author = {Flynn, Brian},
    year = {2015}, 
    note = {Undergraduate thesis}
}
@thesis{flynn2016analysing,
    title = {Analysing Players in Online Games},
    school = {University of Edinburgh},
    author = {Flynn, Brian},
    year = {2016},
    note = {MSc thesis} 
}



@book{griffiths2018introduction,
  title={Introduction to quantum mechanics},
  author={Griffiths, David J and Schroeter, Darrell F},
  year={2018},
  publisher={Cambridge University Press}
}
@book{dirac1981principles,
  title={The principles of quantum mechanics},
  author={Dirac, Paul Adrien Maurice},
  number={27},
  year={1981},
  publisher={Oxford university press},
  chapter={5}, 
}
@book{gerry2005introductory,
  title={Introductory quantum optics},
  author={Gerry, Christopher and Knight, Peter and Knight, Peter L},
  year={2005},
  publisher={Cambridge university press}
}
@article{vigliar2020error,
  title={Error protected qubits in a silicon photonic chip},
  author={Vigliar, Caterina and Paesani, Stefano and Ding, Yunhong and Adcock, Jeremy C and Wang, Jianwei and Morley-Short, Sam and Bacco, Davide and Oxenl{\o}we, Leif K and Thompson, Mark G and Rarity, John G and others},
  journal={arXiv preprint arXiv:2009.08339},
  year={2020}
}
@article{paesani2020near,
  title={Near-ideal spontaneous photon sources in silicon quantum photonics},
  author={Paesani, Stefano and Borghi, Massimo and Signorini, Stefano and Ma{\"\i}nos, Alexandre and Pavesi, Lorenzo and Laing, Anthony},
  journal={Nature communications},
  volume={11},
  number={1},
  pages={1--6},
  year={2020},
  publisher={Nature Publishing Group}
}
@article{raussendorf2003measurement,
  title={Measurement-based quantum computation on cluster states},
  author={Raussendorf, Robert and Browne, Daniel E and Briegel, Hans J},
  journal={Physical review A},
  volume={68},
  number={2},
  pages={022312},
  year={2003},
  publisher={APS}
}
@article{gisin2002quantum,
  title={Quantum cryptography},
  author={Gisin, Nicolas and Ribordy, Gr{\'e}goire and Tittel, Wolfgang and Zbinden, Hugo},
  journal={Reviews of modern physics},
  volume={74},
  number={1},
  pages={145},
  year={2002},
  publisher={APS}
}
@article{bennett2020quantum,
  title={Quantum cryptography: Public key distribution and coin tossing},
  author={Bennett, Charles H and Brassard, Gilles},
  journal={arXiv preprint arXiv:2003.06557},
  year={2020}
}
@article{ekert1991quantum,
  title={Quantum cryptography based on Bell’s theorem},
  author={Ekert, Artur K},
  journal={Physical review letters},
  volume={67},
  number={6},
  pages={661},
  year={1991},
  publisher={APS}
}
@article{giovannetti2004quantum,
  title={Quantum-enhanced measurements: beating the standard quantum limit},
  author={Giovannetti, Vittorio and Lloyd, Seth and Maccone, Lorenzo},
  journal={Science},
  volume={306},
  number={5700},
  pages={1330--1336},
  year={2004},
  publisher={American Association for the Advancement of Science}
}
@article{giovannetti2011advances,
  title={Advances in quantum metrology},
  author={Giovannetti, Vittorio and Lloyd, Seth and Maccone, Lorenzo},
  journal={Nature photonics},
  volume={5},
  number={4},
  pages={222},
  year={2011},
  publisher={Nature Publishing Group}
}
@article{cirac2012goals,
  title={Goals and opportunities in quantum simulation},
  author={Cirac, J Ignacio and Zoller, Peter},
  journal={Nature Physics},
  volume={8},
  number={4},
  pages={264--266},
  year={2012},
  publisher={Nature Publishing Group}
}
@article{lloyd1996universal,
  title={Universal quantum simulators},
  author={Lloyd, Seth},
  journal={Science},
  pages={1073--1078},
  year={1996},
  publisher={JSTOR}
}
@article{mcardle2020quantum,
  title={Quantum computational chemistry},
  author={McArdle, Sam and Endo, Suguru and Aspuru-Guzik, Alan and Benjamin, Simon C and Yuan, Xiao},
  journal={Reviews of Modern Physics},
  volume={92},
  number={1},
  pages={015003},
  year={2020},
  publisher={APS}
}
@article{lanyon2010towards,
  title={Towards quantum chemistry on a quantum computer},
  author={Lanyon, Benjamin P and Whitfield, James D and Gillett, Geoff G and Goggin, Michael E and Almeida, Marcelo P and Kassal, Ivan and Biamonte, Jacob D and Mohseni, Masoud and Powell, Ben J and Barbieri, Marco and others},
  journal={Nature chemistry},
  volume={2},
  number={2},
  pages={106--111},
  year={2010},
  publisher={Nature Publishing Group}
}
@article{divincenzo2000physical,
  title={The physical implementation of quantum computation},
  author={DiVincenzo, David P},
  journal={Fortschritte der Physik: Progress of Physics},
  volume={48},
  number={9-11},
  pages={771--783},
  year={2000},
  publisher={Wiley Online Library}
}

@article{sparrow2018simulating,
  title={Simulating the vibrational quantum dynamics of molecules using photonics},
  author={Sparrow, Chris and Mart{\'\i}n-L{\'o}pez, Enrique and Maraviglia, Nicola and Neville, Alex and Harrold, Christopher and Carolan, Jacques and Joglekar, Yogesh N and Hashimoto, Toshikazu and Matsuda, Nobuyuki and O’Brien, Jeremy L and others},
  journal={Nature},
  volume={557},
  number={7707},
  pages={660--667},
  year={2018},
  publisher={Nature Publishing Group}
}

@article{devoret2004superconducting,
  title={Superconducting qubits: A short review},
  author={Devoret, Michel H and Wallraff, Andreas and Martinis, John M},
  journal={arXiv preprint cond-mat/0411174},
  year={2004}
}

@article{aspuru2005simulated,
  title={Simulated quantum computation of molecular energies},
  author={Aspuru-Guzik, Al{\'a}n and Dutoi, Anthony D and Love, Peter J and Head-Gordon, Martin},
  journal={Science},
  volume={309},
  number={5741},
  pages={1704--1707},
  year={2005},
  publisher={American Association for the Advancement of Science}
}
@article{preskill2018quantum,
  title={Quantum Computing in the NISQ era and beyond},
  author={Preskill, John},
  journal={Quantum},
  volume={2},
  pages={79},
  year={2018},
  publisher={Verein zur F{\"o}rderung des Open Access Publizierens in den Quantenwissenschaften}
}
@article{kitaev2003fault,
  title={Fault-tolerant quantum computation by anyons},
  author={Kitaev, A Yu},
  journal={Annals of Physics},
  volume={303},
  number={1},
  pages={2--30},
  year={2003},
  publisher={Elsevier}
}
@inproceedings{shor1996fault,
  title={Fault-tolerant quantum computation},
  author={Shor, Peter W},
  booktitle={Proceedings of 37th Conference on Foundations of Computer Science},
  pages={56--65},
  year={1996},
  organization={IEEE}
}
@article{gambetta2017building,
  title={Building logical qubits in a superconducting quantum computing system},
  author={Gambetta, Jay M and Chow, Jerry M and Steffen, Matthias},
  journal={npj Quantum Information},
  volume={3},
  number={1},
  pages={1--7},
  year={2017},
  publisher={Nature Publishing Group}
}
@article{aharonov2008fault,
  title={Fault-tolerant quantum computation with constant error rate},
  author={Aharonov, Dorit and Ben-Or, Michael},
  journal={SIAM Journal on Computing},
  year={2008},
  publisher={SIAM}
}
@article{humble2019quantum,
  title={Quantum computing circuits and devices},
  author={Humble, Travis S and Thapliyal, Himanshu and Munoz-Coreas, Edgard and Mohiyaddin, Fahd A and Bennink, Ryan S},
  journal={IEEE Design \& Test},
  volume={36},
  number={3},
  pages={69--94},
  year={2019},
  publisher={IEEE}
}
@article{cao2019quantum,
  title={Quantum chemistry in the age of quantum computing},
  author={Cao, Yudong and Romero, Jonathan and Olson, Jonathan P and Degroote, Matthias and Johnson, Peter D and Kieferov{\'a}, M{\'a}ria and Kivlichan, Ian D and Menke, Tim and Peropadre, Borja and Sawaya, Nicolas PD and others},
  journal={Chemical reviews},
  volume={119},
  number={19},
  pages={10856--10915},
  year={2019},
  publisher={ACS Publications}
}
@article{bruzewicz2019trapped,
  title={Trapped-ion quantum computing: Progress and challenges},
  author={Bruzewicz, Colin D and Chiaverini, John and McConnell, Robert and Sage, Jeremy M},
  journal={Applied Physics Reviews},
  volume={6},
  number={2},
  pages={021314},
  year={2019},
  publisher={AIP Publishing LLC}
}
@article{wang2017single,
  title={Single-qubit quantum memory exceeding ten-minute coherence time},
  author={Wang, Ye and Um, Mark and Zhang, Junhua and An, Shuoming and Lyu, Ming and Zhang, Jing-Ning and Duan, L-M and Yum, Dahyun and Kim, Kihwan},
  journal={Nature Photonics},
  volume={11},
  number={10},
  pages={646--650},
  year={2017},
  publisher={Nature Publishing Group}
}
@article{gaebler2016high,
  title={High-fidelity universal gate set for Be 9+ ion qubits},
  author={Gaebler, John P and Tan, Ting Rei and Lin, Y and Wan, Y and Bowler, R and Keith, Adam C and Glancy, S and Coakley, K and Knill, E and Leibfried, D and others},
  journal={Physical review letters},
  volume={117},
  number={6},
  pages={060505},
  year={2016},
  publisher={APS}
}
@article{myerson2008high,
  title={High-fidelity readout of trapped-ion qubits},
  author={Myerson, AH and Szwer, DJ and Webster, SC and Allcock, DTC and Curtis, MJ and Imreh, G and Sherman, JA and Stacey, DN and Steane, AM and Lucas, DM},
  journal={Physical Review Letters},
  volume={100},
  number={20},
  pages={200502},
  year={2008},
  publisher={APS}
}
@article{schafer2018fast,
  title={Fast quantum logic gates with trapped-ion qubits},
  author={Sch{\"a}fer, VM and Ballance, CJ and Thirumalai, K and Stephenson, LJ and Ballance, TG and Steane, AM and Lucas, DM},
  journal={Nature},
  volume={555},
  number={7694},
  pages={75--78},
  year={2018},
  publisher={Nature Publishing Group}
}
@article{kielpinski2002architecture,
  title={Architecture for a large-scale ion-trap quantum computer},
  author={Kielpinski, David and Monroe, Chris and Wineland, David J},
  journal={Nature},
  volume={417},
  number={6890},
  pages={709--711},
  year={2002},
  publisher={Nature Publishing Group}
}
@article{monroe2013scaling,
  title={Scaling the ion trap quantum processor},
  author={Monroe, Christopher and Kim, Jungsang},
  journal={Science},
  volume={339},
  number={6124},
  pages={1164--1169},
  year={2013},
  publisher={American Association for the Advancement of Science}
}
@incollection{turing2009computing,
  title={Computing machinery and intelligence},
  author={Turing, Alan M},
  booktitle={Parsing the turing test},
  pages={23--65},
  year={2009},
  publisher={Springer}
}
@article{mcculloch1943logical,
  title={A logical calculus of the ideas immanent in nervous activity},
  author={McCulloch, Warren S and Pitts, Walter},
  journal={The bulletin of mathematical biophysics},
  volume={5},
  number={4},
  pages={115--133},
  year={1943},
  publisher={Springer}
}
@article{dunjko2018machine,
  title={Machine learning \& artificial intelligence in the quantum domain: a review of recent progress},
  author={Dunjko, Vedran and Briegel, Hans J},
  journal={Reports on Progress in Physics},
  volume={81},
  number={7},
  pages={074001},
  year={2018},
  publisher={IOP Publishing}
}
@misc{MLvAI,
	title = {{The Difference Between AI and Machine Learning}},
	journal = {DataCamp Community},
	year = {2021},
	month = {Jan},
	note = {[Online; accessed 7. Jan. 2021]},
	url = {https://www.datacamp.com/community/blog/ai-and-ml}
}
@article{peruzzo2014variational,
  title={A variational eigenvalue solver on a photonic quantum processor},
  author={Peruzzo, Alberto and McClean, Jarrod and Shadbolt, Peter and Yung, Man-Hong and Zhou, Xiao-Qi and Love, Peter J and Aspuru-Guzik, Al{\'a}n and O’brien, Jeremy L},
  journal={Nature communications},
  volume={5},
  pages={4213},
  year={2014},
  publisher={Nature Publishing Group}
}
@article{schuld2014quest,
  title={The quest for a quantum neural network},
  author={Schuld, Maria and Sinayskiy, Ilya and Petruccione, Francesco},
  journal={Quantum Information Processing},
  volume={13},
  number={11},
  pages={2567--2586},
  year={2014},
  publisher={Springer}
}
@inproceedings{tang2019quantum,
  title={A quantum-inspired classical algorithm for recommendation systems},
  author={Tang, Ewin},
  booktitle={Proceedings of the 51st Annual ACM SIGACT Symposium on Theory of Computing},
  pages={217--228},
  year={2019}
}
@article{cao2017quantum,
  title={Quantum neuron: an elementary building block for machine learning on quantum computers},
  author={Cao, Yudong and Guerreschi, Gian Giacomo and Aspuru-Guzik, Al{\'a}n},
  journal={arXiv preprint arXiv:1711.11240},
  year={2017}
}
@article{torlai2018neural,
  title={Neural-network quantum state tomography},
  author={Torlai, Giacomo and Mazzola, Guglielmo and Carrasquilla, Juan and Troyer, Matthias and Melko, Roger and Carleo, Giuseppe},
  journal={Nature Physics},
  volume={14},
  number={5},
  pages={447--450},
  year={2018},
  publisher={Nature Publishing Group}
}
@article{carleo2017solving,
  title={Solving the quantum many-body problem with artificial neural networks},
  author={Carleo, Giuseppe and Troyer, Matthias},
  journal={Science},
  volume={355},
  number={6325},
  pages={602--606},
  year={2017},
  publisher={American Association for the Advancement of Science}
}
@article{lloyd2014quantum,
  title={Quantum principal component analysis},
  author={Lloyd, Seth and Mohseni, Masoud and Rebentrost, Patrick},
  journal={Nature Physics},
  volume={10},
  number={9},
  pages={631--633},
  year={2014},
  publisher={Nature Publishing Group}
}

@inproceedings{abadi2016tensorflow,
  title={Tensorflow: A system for large-scale machine learning},
  author={Abadi, Mart{\'\i}n and Barham, Paul and Chen, Jianmin and Chen, Zhifeng and Davis, Andy and Dean, Jeffrey and Devin, Matthieu and Ghemawat, Sanjay and Irving, Geoffrey and Isard, Michael and others},
  booktitle={12th $\{$USENIX$\}$ symposium on operating systems design and implementation ($\{$OSDI$\}$ 16)},
  pages={265--283},
  year={2016}
}
@article{pedregosa2011scikit,
  title={Scikit-learn: Machine learning in Python},
  author={Pedregosa, Fabian and Varoquaux, Ga{\"e}l and Gramfort, Alexandre and Michel, Vincent and Thirion, Bertrand and Grisel, Olivier and Blondel, Mathieu and Prettenhofer, Peter and Weiss, Ron and Dubourg, Vincent and others},
  journal={the Journal of machine Learning research},
  volume={12},
  pages={2825--2830},
  year={2011},
  publisher={JMLR. org}
}
@inproceedings{paszke2019pytorch,
  title={Pytorch: An imperative style, high-performance deep learning library},
  author={Paszke, Adam and Gross, Sam and Massa, Francisco and Lerer, Adam and Bradbury, James and Chanan, Gregory and Killeen, Trevor and Lin, Zeming and Gimelshein, Natalia and Antiga, Luca and others},
  booktitle={Advances in neural information processing systems},
  pages={8026--8037},
  year={2019}
}

@article{wendin2017quantum,
  title={Quantum information processing with superconducting circuits: a review},
  author={Wendin, G{\"o}ran},
  journal={Reports on Progress in Physics},
  volume={80},
  number={10},
  pages={20},
  year={2017},
  publisher={IOP Publishing}
}
@article{devoret2013superconducting,
  title={Superconducting circuits for quantum information: an outlook},
  author={Devoret, Michel H and Schoelkopf, Robert J},
  journal={Science},
  volume={339},
  number={6124},
  pages={1169--1174},
  year={2013},
  publisher={American Association for the Advancement of Science}
}
@article{martinis2014ucsb,
  title={UCSB final report for the CSQ program: Review of decoherence and materials physics for superconducting qubits},
  author={Martinis, John M and Megrant, A},
  journal={arXiv preprint arXiv:1410.5793},
  year={2014}
}
@article{kok2007linear,
  title={Linear optical quantum computing with photonic qubits},
  author={Kok, Pieter and Munro, William J and Nemoto, Kae and Ralph, Timothy C and Dowling, Jonathan P and Milburn, Gerard J},
  journal={Reviews of Modern Physics},
  volume={79},
  number={1},
  pages={135},
  year={2007},
  publisher={APS}
}
@article{kjaergaard2020superconducting,
  title={Superconducting qubits: Current state of play},
  author={Kjaergaard, Morten and Schwartz, Mollie E and Braum{\"u}ller, Jochen and Krantz, Philip and Wang, Joel I-J and Gustavsson, Simon and Oliver, William D},
  journal={Annual Review of Condensed Matter Physics},
  volume={11},
  pages={369--395},
  year={2020},
  publisher={Annual Reviews}
}
@article{kjaergaard2020quantum,
  title={A quantum instruction set implemented on a superconducting quantum processor},
  author={Kjaergaard, M and Schwartz, ME and Greene, A and Samach, GO and Bengtsson, A and O'Keeffe, M and McNally, CM and Braum{\"u}ller, J and Kim, DK and Krantz, P and others},
  journal={arXiv preprint arXiv:2001.08838},
  year={2020}
}
@article{pop2014coherent,
  title={Coherent suppression of electromagnetic dissipation due to superconducting quasiparticles},
  author={Pop, Ioan M and Geerlings, Kurtis and Catelani, Gianluigi and Schoelkopf, Robert J and Glazman, Leonid I and Devoret, Michel H},
  journal={Nature},
  volume={508},
  number={7496},
  pages={369--372},
  year={2014},
  publisher={Nature Publishing Group}
}


@article{larose2019overview,
  title={Overview and comparison of gate level quantum software platforms},
  author={LaRose, Ryan},
  journal={Quantum},
  volume={3},
  pages={130},
  year={2019},
  publisher={Verein zur F{\"o}rderung des Open Access Publizierens in den Quantenwissenschaften}
}

@article{dowling2003quantum,
  title={Quantum technology: the second quantum revolution},
  author={Dowling, Jonathan P and Milburn, Gerard J},
  journal={Philosophical Transactions of the Royal Society of London. Series A: Mathematical, Physical and Engineering Sciences},
  volume={361},
  number={1809},
  pages={1655--1674},
  year={2003},
  publisher={The Royal Society}
}

@book{shankar2012principles,
  title={Principles of quantum mechanics},
  author={Shankar, Ramamurti},
  year={2012},
  publisher={Springer Science \& Business Media}
}
@book{susskind2014quantum,
  title={Quantum mechanics: the theoretical minimum},
  author={Susskind, Leonard and Friedman, Art},
  year={2014},
  publisher={Basic Books}
}
@book{susskind2014classical,
  title={Classical mechanics: the theoretical minimum},
  author={Susskind, Leonard and Hrabovsky, George},
  year={2014},
  publisher={Penguin Books},
  pages={155}
}

@article{manzano2020short,
  title={A short introduction to the Lindblad master equation},
  author={Manzano, Daniel},
  journal={AIP Advances},
  volume={10},
  number={2},
  pages={025106},
  year={2020},
  publisher={AIP Publishing LLC}
}
@article{shor1999polynomial,
  title={Polynomial-time algorithms for prime factorization and discrete logarithms on a quantum computer},
  author={Shor, Peter W},
  journal={SIAM review},
  volume={41},
  number={2},
  pages={303--332},
  year={1999},
  publisher={SIAM}
}
@article{grover1997quantum,
  title={Quantum mechanics helps in searching for a needle in a haystack},
  author={Grover, Lov K},
  journal={Physical review letters},
  volume={79},
  number={2},
  pages={325},
  year={1997},
  publisher={APS}
}


@article{mart2020introduce,
  title={How do I introduce Schrodinger equation during the quantum mechanics course?},
  author={Mart, T},
  journal={arXiv preprint arXiv:2010.15589},
  year={2020}
}


@incollection{heisenberg1985quantentheoretische,
  title={{\"U}ber quantentheoretische Umdeutung kinematischer und mechanischer Beziehungen},
  author={Heisenberg, Werner},
  booktitle={Original Scientific Papers Wissenschaftliche Originalarbeiten},
  pages={382--396},
  year={1985},
  publisher={Springer}
}
@article{nelson1966derivation,
  title={Derivation of the Schr{\"o}dinger equation from Newtonian mechanics},
  author={Nelson, Edward},
  journal={Physical review},
  volume={150},
  number={4},
  pages={1079},
  year={1966},
  publisher={APS}
}
@book{geron2019hands,
  title={Hands-on machine learning with Scikit-Learn, Keras, and TensorFlow: Concepts, tools, and techniques to build intelligent systems},
  author={G{\'e}ron, Aur{\'e}lien},
  year={2019},
  publisher={O'Reilly Media},
  chapter = {1},
}

@article{sergeevich2011characterization,
  title={Characterization of a qubit Hamiltonian using adaptive measurements in a fixed basis},
  author={Sergeevich, Alexandr and Chandran, Anushya and Combes, Joshua and Bartlett, Stephen D and Wiseman, Howard M},
  journal={Physical Review A},
  volume={84},
  number={5},
  pages={052315},
  year={2011},
  publisher={APS}
}
@article{biamonte2017quantum,
  title={Quantum machine learning},
  author={Biamonte, Jacob and Wittek, Peter and Pancotti, Nicola and Rebentrost, Patrick and Wiebe, Nathan and Lloyd, Seth},
  journal={Nature},
  volume={549},
  number={7671},
  pages={195--202},
  year={2017},
  publisher={Nature Publishing Group}
}
@article{adcock2015advances,
  title={Advances in quantum machine learning},
  author={Adcock, Jeremy and Allen, Euan and Day, Matthew and Frick, Stefan and Hinchliff, Janna and Johnson, Mack and Morley-Short, Sam and Pallister, Sam and Price, Alasdair and Stanisic, Stasja},
  journal={arXiv preprint arXiv:1512.02900},
  year={2015}
}


@article{baireuther2018machine,
  title={Machine-learning-assisted correction of correlated qubit errors in a topological code},
  author={Baireuther, Paul and O'Brien, Thomas E and Tarasinski, Brian and Beenakker, Carlo WJ},
  journal={Quantum},
  volume={2},
  pages={48},
  year={2018},
  publisher={Verein zur F{\"o}rderung des Open Access Publizierens in den Quantenwissenschaften}
}


@misc{dr2002model,
  title={Model selection and multimodel inference: a practical information-theoretic approach},
  author={DR, Burnham KP Anderson},
  year={2002},
  publisher={New York, NY: Springer}
}
@book{friedman2001elements,
  title={The elements of statistical learning},
  author={Friedman, Jerome and Hastie, Trevor and Tibshirani, Robert},
  volume={1},
  number={10},
  year={2001},
  publisher={Springer series in statistics New York}
}

@misc{
  fifa_elo, 
  title={Who We Are - News - 2026 FIFA World Cup™: FIFA Council designates bids for final voting by the FIFA Congress}, 
  url={https://www.fifa.com/who-we-are/news/2026-fifa-world-cuptm-fifa-council-designates-bids-for-final-voting-by-the-fifa-}, 
  journal={www.fifa.com}, 
  publisher={FIFA.com}, 
  author={FIFA.com}, 
  year={2018}, 
  month={Jun}
}
@article{neumann2011assessing,
  title={Assessing dominance hierarchies: validation and advantages of progressive evaluation with Elo-rating},
  author={Neumann, Christof and Duboscq, Julie and Dubuc, Constance and Ginting, Andri and Irwan, Ade Maulana and Agil, Muhammad and Widdig, Anja and Engelhardt, Antje},
  journal={Animal Behaviour},
  volume={82},
  number={4},
  pages={911--921},
  year={2011},
  publisher={Elsevier}
}
@article{hvattum2010using,
  title={Using ELO ratings for match result prediction in association football},
  author={Hvattum, Lars Magnus and Arntzen, Halvard},
  journal={International Journal of forecasting},
  volume={26},
  number={3},
  pages={460--470},
  year={2010},
  publisher={Elsevier}
}

